@inproceedings{paper,
author = {Sudeep Pillai, Srikumar Ramalingam and John J. Leonard},
booktitle = {High-Performance and Tunable Stereo Reconstruction},
title = {High-Performance and Tunable Stereo Reconstruction},
year = {2015},
}